%%%%% sample.bib %%%%%

%@string{ apj= "ApJ"}
%@string{ apjl= "ApJL"}
%@string{ mnras= "Mon. Not. R. Astron. Soc."}
%@string{ jcomp= "J. Comput. Phys"}
%@string{ aj= "Astron. J"}
%@string{ aa= "Astron. \& Astrophys."}
%@string{ aas= "Astron. \& Astrophys. Suppl."}
%@string{ aara= "ARA\&A"}
%@string{ pasj= "PASJ"}

@ARTICLE{Numpy,
       author = {{van der Walt}, St{\'e}fan and {Colbert}, S. Chris and
         {Varoquaux}, Ga{\"e}l},
        title = "{The NumPy Array: A Structure for Efficient Numerical Computation}",
      journal = {Computing in Science and Engineering},
     keywords = {Computer Science - Mathematical Software},
         year = "2011",
        month = "Mar",
       volume = {13},
       number = {2},
        pages = {22-30},
          doi = {10.1109/MCSE.2011.37},
archivePrefix = {arXiv},
       eprint = {1102.1523},
 primaryClass = {cs.MS},
       adsurl = {https://ui.adsabs.harvard.edu/abs/2011CSE....13b..22V},
      adsnote = {Provided by the SAO/NASA Astrophysics Data System}
}

@ARTICLE{Matplotlib,
       author = {{Hunter}, John D.},
        title = "{Matplotlib: A 2D Graphics Environment}",
      journal = {Computing in Science and Engineering},
     keywords = {Python, Scripting languages, Application development, Scientific programming},
         year = "2007",
        month = "May",
       volume = {9},
       number = {3},
        pages = {90-95},
          doi = {10.1109/MCSE.2007.55},
       adsurl = {https://ui.adsabs.harvard.edu/abs/2007CSE.....9...90H},
      adsnote = {Provided by the SAO/NASA Astrophysics Data System}
}
